@article{kyber17,
    author = "{Joppe Bos, Léo Ducas, Eike Kiltz , Tancrède Lepoint, Vadim Lyubashevsky, John M. Schanckk, Peter Schwabe, Gregor Seiler, Damien Stehlé}",
    title = "CRYSTALS – Kyber: a CCA-secure module-lattice-based KEM",
    year = "2017"
}

@online{babykyber,
    title = "Kyber - How does it work?",
    url = "https://cryptopedia.dev/posts/kyber/",
    addendum = "(accessed: 08.05.2024)"
}

@online{ufficiale,
    title = "CRYSTALS Cryptographic Suite for Algebraic Lattices",
    url = "https://pq-crystals.org/kyber/index.shtml",
    addendum = "(accessed: 08.05.2024)"
}

@online{nistwinners,
    title = "NIST Announces First Four Quantum-Resistant Cryptographic Algorithms",
    url = "https://www.nist.gov/news-events/news/2022/07/nist-announces-first-four-quantum-resistant-cryptographic-algorithms",
    addendum = "(accessed: 08.05.2024)"
}

@article{regev,
    author = "Oded Regev",
    title = "On lattices, learning with errors, random linear codes, and cryptography",
    url = "https://dl.acm.org/doi/10.1145/1060590.1060603",
    year = "2005",
    journal = "Proceedings of the thirty-seventh annual ACM symposium on Theory of computing"
}

@online{svp,
    title = "Learning with errors",
    url = "https://en.wikipedia.org/wiki/Learning_with_errors",
    addendum = "(accessed: 08.05.2024)"
}

@article{shor,
    author = "Peter W. Shor",
    title = "Polynomial-Time Algorithms for Prime Factorization and Discrete Logarithms on a Quantum Computer",
    url = "https://arxiv.org/abs/quant-ph/9508027",
    journal = "Proceedings of the 35th Annual Symposium on Foundations of Computer Science",
    year = "1996"
}
@article{shor2,
    author = "Peter W. Shor",
    title = "Algorithms for quantum computation: discrete logarithms and factoring",
    url = "https://ieeexplore.ieee.org/document/365700",
    journal = "Proceedings 35th Annual Symposium on Foundations of Computer Science",
    year = "1994"
}
@article{shorreal,
    author = "Unathi Skosana and Mark Tame",
    title = "Demonstration of Shor’s factoring algorithm for N=21 on IBM quantum processors",
    url = "https://www.nature.com/articles/s41598-021-95973-w",
    journal = "Sci Rep",
    year = "2021"
}



